% This file was created with Citavi 5.0.0.11

@proceedings{123,
 title = {2009 Second International Conference on Intelligent Computation Technology and Automation}
}


@book{129,
 title = {Word Prosodic Systems in the Languages of Europe}
}


@misc{54,
 title = {Suffixes}
}


@article{19,
 title = {Phonetic codes for CELEX}
}


@proceedings{114,
 title = {Joint International Conference on Autonomic and Autonomous Systems and International Conference on Networking and Services - (icas-isns'05)}
}


@book{128,
 title = {Word Prosodic Systems in the Languages of Europe}
}


@article{132,
 title = {DUTCH LINGUISTIC GUIDE}
}


@misc{53,
 title = {comp.ai.neural-nets FAQ, Part 3 of 7: Generalization: Section - How many hidden units should I use?}
}


@misc{52,
 title = {comp.ai.neural-nets FAQ, Part 3 of 7: Generalization: Section - How many hidden layers should I use?}
}


@proceedings{120,
 title = {2009 Second International Conference on Intelligent Computation Technology and Automation}
}


@article{130,
 title = {ENGLISH LINGUISTIC GUIDE}
}


@proceedings{2000,
 year = {13 April 2000},
 title = {IEE Seminar on State of the Art in Speech Synthesis}
}


@proceedings{2005,
 year = {March 18-23, 2005},
 title = {(ICASSP '05). IEEE International Conference on Acoustics, Speech, and Signal Processing, 2005}
}


@book{Adriaans2011,
 author = {Adriaans, Frans},
 year = {2011},
 title = {The Induction of Phonotactics for Speech Segmentation: Converging evidence from computational and human learners},
 address = {Utrecht},
 volume = {267},
 publisher = {LOT},
 isbn = {9460930492},
 series = {International series}
}


@article{Agirrezabal&Heinz,
 author = {Agirrezabal, Manex and Heinz, Jeffrey and Hulden, Mans and Arrieta, Bertol},
 title = {Assigning stress to out-of-vocabulary words: three approaches},
 pages = {105--110},
 volume = {2014},
 journal = {International Conference on Artificial Intelligence}
}


@book{Baayen&Piepenbrock&Gulikers1995,
 author = {Baayen, R. H. and Piepenbrock, R. and Gulikers, L.},
 year = {1995},
 title = {The Celex lexical database},
 url = {http://celex.mpi.nl/},
 address = {Philadelphia, Pa.},
 urldate = {17.08.2015},
 edition = {Release 2, German Vers. 2.5, English Vers. 2.5, Dutch Vers. 3.1},
 publisher = {{Linguistic Data Consortium}},
 isbn = {1585630853},
 institution = {{Centre for Lexical Information} and {Max Planck Instituut voor Psycholingu{\"i}stiek}}
}


@misc{Belica,
 author = {Belica, Cyril},
 title = {WP2 - Lemmatizer: Final Report, July 1994},
 institution = {{Institut f{\"u}r deutsche Sprache, Mannheim, Germany}}
}


@article{Bengio2009,
 author = {Bengio, Y.},
 year = {2009},
 title = {Learning Deep Architectures for AI},
 pages = {1--127},
 volume = {2},
 number = {1},
 issn = {1935-8237},
 journal = {Foundations and Trends{\circledR} in Machine Learning},
 doi = {10.1561/2200000006}
}


@article{Benware1980,
 author = {Benware, Wilbur A.},
 year = {1980},
 title = {Zum Fremdwortakzent im Deutschen},
 pages = {289--312},
 volume = {47},
 number = {3},
 issn = {00441449},
 journal = {Zeitschrift f{\"u}r Dialektologie und Linguistik},
 doi = {10.2307/40502691}
}


@misc{BOMP,
 author = {{Stefan Breuer}},
 title = {BONN MACHINE-READABLE PRONUNCIATION DICTIONARY},
 url = {http://sourceforge.net/projects/boss-synth/},
 urldate = {17.08.2015}
}


@phdthesis{Brandelik2014,
 author = {Brandelik, Katharina},
 year = {2014},
 title = {Sprachrhythmische F{\"a}higkeiten im Schriftspracherwerb},
 school = {{Eberhard Karls Universit{\"a}t T{\"u}bingen}},
 type = {Dissertation}
}


@article{Chitoran&Ciobanu2014,
 author = {Chitoran, Ioana and Ciobanu, Alina Maria and Dinu, L. and Niculae, Vlad},
 year = {2014},
 title = {Using a Machine Learning Model to Assess the Complexity of Stress Systems},
 keywords = {Romanian stress;sequence tagging;stress prediction;syllabication},
 volume = {9},
 journal = {LREC}
}


@book{CHOMSKY,
 author = {CHOMSKY, NOAM}
}


@book{Chomsky&Halle1968,
 author = {CHOMSKY, NOAM and HALLE, MORRIS},
 year = {1968},
 title = {The sound pattern of English},
 keywords = {Conceptual Schemes;English;Generative Grammar;Language Acquisition;Language Universals;Linguistic Theory;Models;Perception;Phonetics;Phonology;Psycholinguistics;Sentences;Syntax;Theories;Vowels}
}


@book{CHOMSKY&HALLE1991,
 author = {CHOMSKY, NOAM and HALLE, MORRIS},
 year = {1991},
 title = {The sound pattern of English},
 address = {Cambridge, Mass.},
 edition = {2. print},
 publisher = {{MIT Press}},
 isbn = {026253097X}
}


@article{ChristianEbert,
 author = {{Christian Ebert}},
 title = {Phonetik {\&} Phonologie: Silbenphonologie}
}


@article{ChristodoulidesGeorgeAvanziMathieu,
 author = {{Christodoulides,George, Avanzi,Mathieu}},
 title = {An Evaluation of Machine Learning Methods for Prominence Detection in French}
}


@inproceedings{Ciobanu&Dinu&Dinu2014,
 author = {Ciobanu, Alina Maria and Dinu, Anca and Dinu, Liviu},
 title = {Predicting Romanian Stress Assignment},
 pages = {64--68},
 editor = {Wintner, Shuly and Riezler, Stefan and Goldwater, Sharon},
 booktitle = {Proceedings of the 14th Conference of the European Chapter of the Association for Computational Linguistics, volume 2: Short Papers},
 year = {2014},
 doi = {10.3115/v1/E14-4013}
}


@inproceedings{Coleman,
 author = {Coleman, J.},
 title = {Improved prediction of stress in out-of-vocabulary words},
 pages = {2},
 booktitle = {IEE Seminar on State of the Art in Speech Synthesis},
 year = {13 April 2000},
 doi = {10.1049/ic:20000319}
}


@article{Curtin&Mintz&Christiansen2005,
 author = {Curtin, Suzanne and Mintz, Toben H. and Christiansen, Morten H.},
 year = {2005},
 title = {Stress changes the representational landscape: Evidence from word segmentation},
 pages = {233--262},
 volume = {96},
 number = {3},
 issn = {00100277},
 journal = {Cognition},
 doi = {10.1016/j.cognition.2004.08.005}
}


@phdthesis{Demberg2006,
 author = {Demberg, Vera},
 year = {2006},
 title = {Letter-to-Phoneme Conversion for a German Text-to-Speech System},
 address = {Stuttgart},
 publisher = {Institut fÂ¨ur Maschinelle Sprachverarbeitung},
 school = {{Universit{\"a}t Stuttgart}}
}


@phdthesis{Demberg2006b,
 author = {Demberg, Vera},
 year = {2006},
 title = {Letter-to-Phoneme Conversion for a German Text-to-Speech System},
 keywords = {Approaches to Learning Stress for Stems;BOMP;Evaluation Methods;Hidden Markov Model;HMM;letter-to-phoneme conversion;pipeline architecture;SMOR, IMSLEX;stress assignment;Stress clash;syllabification;syllable structure;taz-Corpus;text-to-speech;Training and Test Set Design},
 school = {{Universit{\"a}t Stuttgart}}
}


@article{DenisArnoldPetraWagnerR.HaraldBaayen,
 author = {{Denis Arnold, Petra Wagner, R. Harald Baayen}},
 title = {Using Generalized Additive Models and Random Forests to Model Prosodic Prominence in German},
 keywords = {[Electronic Manuscript]}
}


@article{Domahs&Plag&Carroll2014,
 author = {Domahs, Ulrike and Plag, Ingo and Carroll, Rebecca},
 year = {2014},
 title = {Word stress assignment in German, English and Dutch: Quantity-sensitivity and extrametricality revisited},
 pages = {59--96},
 volume = {17},
 number = {1},
 issn = {1383-4924},
 journal = {The Journal of Comparative Germanic Linguistics},
 doi = {10.1007/s10828-014-9063-9}
}


@inproceedings{Dou&Bergsma2009,
 author = {Dou, Qing and Bergsma, Shane and Jiampojamarn, Sittichai and Kondrak, Grzegorz},
 title = {A ranking approach to stress prediction for letter-to-phoneme conversion},
 keywords = {(SVM},
 pages = {118},
 editor = {Su, Keh-Yih},
 booktitle = {Joint Conference of the 47th Annual Meeting of the ACL and the 4th International Joint Conference},
 year = {2009},
 doi = {10.3115/1687878.1687897}
}


@article{Duffner&Naf2006,
 author = {Duffner, Rolf and N{\"a}f, Anton},
 year = {2006},
 title = {Digitale Textdatenbanken im Vergleich},
 journal = {Linguistik online 28, 3/06}
}


@article{Dusterhoff&Black&Taylor,
 author = {Dusterhoff, Kurt E. and Black, Alan W. and Taylor, Paul},
 title = {Using Decision Trees within the Tilt Intonation Model to Predict F0 Contours}
}


@article{E.Fiesler,
 author = {{E. Fiesler}},
 title = {Neural Network Topologies}
}


@article{Eisenberg1991,
 author = {Eisenberg, Peter},
 year = {1991},
 title = {Syllabische Struktur und Wortakzent: Prinzipien der Prosodik deutscher W{\"o}rter},
 pages = {37--64},
 journal = {Zeitschrift f{\"u}r Sprachwissenschaft 10}
}


@article{Engel,
 author = {Engel, Ralf},
 title = {Robuste korpusbasierte  Maschinelle Ubersetzung mit Translation Templates}
}


@book{Faghfouri2013,
 author = {Faghfouri, Pedram},
 year = {2013},
 title = {The role of governance structure in the context of crisis management: An empirical analysis on a German sample of non-family and family businesses},
 keywords = {Neural Networks;Polish;POS Tagging;Speech Synthesis},
 address = {Wiesbaden},
 publisher = {{Springer Gabler}},
 isbn = {9780000000002},
 series = {Research}
}


@article{Ferri&HernandezOrallo&Modroiu2009,
 author = {Ferri, C. and Hern{\'a}ndez-Orallo, J. and Modroiu, R.},
 year = {2009},
 title = {An experimental comparison of performance measures for classification},
 keywords = {Calibration;Classification;Performance measures;Ranking},
 pages = {27--38},
 volume = {30},
 number = {1},
 issn = {01678655},
 journal = {Pattern Recognition Letters},
 doi = {10.1016/j.patrec.2008.08.010}
}


@book{Fery&vandeVijver2003,
 author = {F{\'e}ry, C. and {van de Vijver}, R.},
 year = {2003},
 title = {The Syllable in Optimality Theory},
 url = {https://books.google.de/books?id=AELnswU-wM0C},
 publisher = {{Cambridge University Press}},
 isbn = {9781139437387}
}


@article{Fery1998,
 author = {Fery, Caroline},
 year = {1998},
 title = {German Word Stress in Optimality Theory},
 pages = {101--142}
}


@book{Fery2010,
 author = {F{\'e}ry, Caroline},
 year = {2010},
 title = {Phonologie des Deutschen}
}


@book{Feryb,
 author = {F{\'e}ry, Caroline},
 title = {Phonologie des Deutschen: Eine optimalit{\"a}tstheoretische Einf{\"u}hrung: Teil 1}
}


@article{Fong&BiukAghai2015,
 author = {Fong, Simon and Biuk-Aghai, Robert P. and Si, Yain-whar and Yap, Bee Wah},
 year = {2015},
 title = {A Lightweight Data Preprocessing Strategy with Fast Contradiction Analysis for Incremental Classifier Learning},
 keywords = {Incremental Classifier Learning},
 pages = {1--11},
 volume = {2015},
 number = {3},
 issn = {1024-123X},
 journal = {Mathematical Problems in Engineering},
 doi = {10.1155/2015/125781}
}


@article{Furnkranz,
 author = {F{\"u}rnkranz, Johannes},
 title = {Inductive Logic Programming: A Short Introduction and a Thesis Abstract}
}


@article{Geman,
 author = {Geman, Stuart},
 title = {Neural Networks and the Bias/Variance Dilemma}
}


@book{Giegerich1985,
 author = {Giegerich, Heinz J.},
 year = {1985},
 title = {Metrical phonology and phonological structure: German and English: 1983--Diss., 1983},
 address = {Cambridge},
 volume = {43},
 publisher = {{Cambridge Univ. Pr}},
 isbn = {0521266262},
 series = {Cambridge studies in linguistics}
}


@article{Gildea&Jurafsky,
 author = {Gildea, Daniel and Jurafsky, Daniel},
 title = {Learning Bias and Phonological-Rule Induction},
 number = {4},
 journal = {Computational Linguistics Vol. 22}
}


@article{Goldman&Avanzi,
 author = {Goldman, Jean-Philippe and Avanzi, M. and Simon, A.-C. and Lacheret, A. and Auchlin, A.},
 title = {A Methodology for the Automatic Detection of Perceived Prominent Syllables in Spoken French},
 keywords = {d{\'e}tection automatique;intonation;pro{\'e}minence;Prosodie;stylisation;TAL}
}


@article{Gronroos&Virpioja,
 author = {Gronroos, Stig-Arne and Virpioja, Sami and Smit, Peter and Kurimo, Mikko},
 title = {Morfessor FlatCat: An HMM-Based Method for Unsupervised and Semi-Supervised Learning of Morphology}
}


@misc{Gulikers&Rattnik&Piepenbrock,
 author = {Gulikers, L{\'e}on and Rattnik, Gilbert and Piepenbrock, Richard},
 title = {German Linguistic guide},
 url = {www.iub.edu/~psyling/papers/celex_gug.pdf},
 urldate = {17.08.2015}
}


@incollection{Hain&Zimmermann2001,
 author = {Hain, H.-U. and Zimmermann, H. G.},
 title = {Optimierung der Eingabe eines neuronalen Netzes zur Bestimmung der Wortbetonung mit Hilfe von Weight Decay.},
 volume = {22},
 publisher = {{w.e.b. Univ.-Verl.}},
 isbn = {3935712626},
 series = {Studientexte zur Sprachkommunikation},
 editor = {Hess, Wolfgang and St{\"o}ber, Karlheinz},
 booktitle = {Elektronische Sprachsignalverarbeitung},
 year = {2001},
 address = {Dresden}
}


@phdthesis{Hain2004,
 author = {Hain, Horst-Udo},
 year = {2004},
 title = {Phonetische Transkription f{\"u}r ein multilinguales Sprachsynthesesystem},
 school = {{Technischen Universit{\"a}t Dresden}},
 type = {Dissertation}
}


@book{Hall2011,
 author = {Hall, T. A.},
 year = {2011},
 title = {Phonologie: eine Einf{\"u}hrung},
 url = {https://books.google.de/books?id=wbUDV3PNhR4C},
 publisher = {{De Gruyter}},
 isbn = {9783110215878}
}


@article{Hancke&Vajjala&Meurers,
 author = {Hancke, Julia and Vajjala, Sowmya and Meurers, Detmar},
 title = {Readability Classification for German using Lexical, Syntactic, and Morphological Features}
}


@book{Hess&Stober2001,
 year = {2001},
 title = {Elektronische Sprachsignalverarbeitung: Tagungsband der zw{\"o}lften Konferenz, Bonn, 24. bis 26. September 2001},
 price = {Euro 45.50},
 address = {Dresden},
 volume = {22},
 publisher = {{w.e.b. Univ.-Verl.}},
 isbn = {3935712626},
 series = {Studientexte zur Sprachkommunikation},
 editor = {Hess, Wolfgang and St{\"o}ber, Karlheinz}
}


@article{Huang2003,
 author = {Huang, Guang-Bin},
 year = {2003},
 title = {Learning capability and storage capacity of two-hidden-layer feedforward networks},
 pages = {274--281},
 volume = {14},
 number = {2},
 issn = {1045-9227},
 journal = {IEEE transactions on neural networks / a publication of the IEEE Neural Networks Council},
 doi = {10.1109/TNN.2003.809401}
}


@article{IEEE,
 author = {IEEE},
 title = {Minimum description length induction, bayesianism, and kolmogorov complexity - Information Theory, IEEE Transactions on}
}


@article{IlyaSutskever&OriolVinyals&QuocV.V.Le,
 author = {{Ilya Sutskever} and {Oriol Vinyals} and {Quoc V. V. Le}},
 title = {Sequence to Sequence Learning with Neural Networks}
}


@book{Janicki2013,
 author = {Janicki, Artur},
 year = {2013},
 title = {Application of Neural Networks for POS Tagging and Intonation Control in Speech Synthesis for Polish: An empirical analysis on a German sample of non-family and family businesses},
 institution = {{Warsaw University of Technology, Institute of Telecommunications, Division of Teletransmission Systems}}
}


@article{Jannedy&Mobius,
 author = {Jannedy, Stefanie and M{\"o}bius, Bernd},
 title = {Name pronunciation in German text-to-speech synthesis}
}


@phdthesis{Janssen2003,
 author = {Jan{\ss}en, Ulrike},
 year = {2003},
 title = {Untersuchungen zum Wortakzent im Deutschen und Niederl{\"a}ndischen},
 school = {{Universit{\"a}t D{\"u}sseldorf}},
 type = {Dissertation}
}


@incollection{Jessen1999,
 author = {Jessen, Michael},
 title = {German.},
 pages = {515--545},
 publisher = {{Mouton de Gruyter}},
 isbn = {9783110157505},
 editor = {{van der Hulst}, H.},
 booktitle = {Word Prosodic Systems in the Languages of Europe},
 year = {1999}
}


@article{JochenTrommer,
 author = {{Jochen Trommer}},
 title = {Sonoranten und Obstruenten}
}


@article{JohnLafferty&AndrewMcCallum&andFernandoC.N.Pereira,
 author = {{John Lafferty} and {Andrew McCallum} and {and Fernando C.N. Pereira}},
 title = {Conditional Random Fields: Probabilistic Models for Segmenting and Labeling Sequence Data}
}


@article{Jovic&Brkic&Bogunovic,
 author = {Jovi{\'c}, A. and Brki{\'c}, K. and Bogunovi{\'c}, N.},
 title = {An overview of free software tools for general data mining}
}


@book{Kager1999,
 author = {Kager, R.},
 year = {1999},
 title = {Optimality Theory},
 url = {https://books.google.de/books?id=_B_7IYhEmGgC},
 publisher = {{Cambridge University Press}},
 isbn = {9780521589802}
}


@article{Kaltenbacher1994,
 author = {Kaltenbacher, Erika},
 year = {1994},
 title = {Typologische Aspekte des Wortakzents: Zum Zusammenhang von Akzentposition und Silbengewicht im Arabischen und im Deutschen},
 pages = {20--55},
 volume = {13},
 number = {1},
 issn = {0721-9067},
 journal = {Zeitschrift f{\"u}r Sprachwissenschaft}
}


@article{KatrinSchweitzer&MichaelWalsh,
 author = {{Katrin Schweitzer} and {Michael Walsh} and {Bernd Mobius} and {Arndt Riester} and {Antje Schweitzer} and {Hinrich Schutze}},
 title = {Frequency Matters: Pitch Accents and Information Status}
}


@misc{Kohler,
 author = {K{\"o}hler, Benjamin},
 title = {{\"U}bungskompendium zur segmentalen Phonologie: Transkriptionsaufgaben zur sicheren Anwendung des Internationalen Phonetischen Alphabets}
}


@phdthesis{Kvizhinadze2010,
 author = {Kvizhinadze, Giorgi},
 year = {2010},
 title = {Large number of rare events: Diversity analysis in multiple choice questionnaires and related topics},
 school = {{Victoria University of Wellington}},
 type = {Dissertation}
}


@article{Lawrence&Giles&Tsoi,
 author = {Lawrence, Steve and Giles, C. Lee and Tsoi, Ah Chung},
 title = {Lessons in Neural Network Training: Overfitting May be Harder than Expected}
}


@article{Lawrence&Giles&Tsoi1996,
 author = {Lawrence, Steve and Giles, C. Lee and Tsoi, Ah Chung},
 year = {1996},
 title = {What Size Neural Network Gives Optimal Generalization? Convergence Properties ofBackpropagation}
}


@article{Liberman&Prince1977,
 author = {Liberman, Mark and Prince, Alan},
 year = {1977},
 title = {On stress and linguistic rhythm},
 pages = {249--336},
 volume = {8},
 number = {2},
 issn = {1530-9150},
 journal = {Linguistic Inquiry}
}


@phdthesis{Lintfert,
 author = {Lintfert, Britta},
 title = {Phonetic and phonological development of stress in German}
}


@inproceedings{LipoWang&HouChaiQuek,
 author = {{Lipo Wang} and {Hou Chai Quek} and {Keng Hoe Tee} and Zhou, N. and {Chunru Wan}},
 title = {Optimal Size of a Feedforward Neural Network: How Much does it Matter?},
 pages = {69},
 booktitle = {Joint International Conference on Autonomic and Autonomous Systems and International Conference on Networking and Services - (icas-isns'05)},
 doi = {10.1109/ICAS-ICNS.2005.72}
}


@misc{Lungen&Ehlebracht1998,
 author = {L{\"u}ngen, Harald and Ehlebracht, Karsten and Gibbon, Dafydd and Sim{\~o}es, Ana Paula Quirino},
 year = {1998},
 title = {Verbmobil-II WHG-Wortliste Deutsch},
 url = {http://www.spectrum.uni-bielefeld.de/vmobil/WHG-WL/whg-wl.archive.html},
 urldate = {09.09.2015}
}


@phdthesis{Mengel1998,
 author = {Mengel, Andreas},
 year = {1998},
 title = {Deutscher Wortakzent: Symbole, Signale},
 address = {M{\"u}nchen},
 school = {{Technische Universit{\"a}t}},
 type = {Dissertation}
}


@book{MingLiAndreasTsiartasMaartenVanSegbroeckandShrikanthS.Narayanan2013,
 author = {{Ming Li, Andreas Tsiartas, Maarten Van Segbroeck and Shrikanth S. Narayanan}},
 year = {2013},
 title = {Speaker Verification using simplified and supervised i-Vector modeling},
 keywords = {Electro-acoustics;Remote sensing;Signal processing;Speech processing systems;Underwater acoustics},
 address = {Piscataway, NJ},
 publisher = {IEEE},
 isbn = {1479903566}
}


@article{Mishra2007,
 author = {Mishra, Taniya},
 year = {2007},
 title = {Word Accentuation Prediction Using a Neural Net Classifier},
 pages = {246--251},
 volume = {2007},
 journal = {6th ISCA Workshop on Speech Synthesis, Bonn, Germany, August 22-24}
}


@article{Mixdorff&Jokisch,
 author = {Mixdorff, Hansj{\"o}rg and Jokisch, Oliver},
 title = {Building An Integrated Prosodic Model of German}
}


@article{Mobius,
 author = {M{\"o}bius, Bernd},
 title = {Word and syllable models for German Text-to-Speech Synthesis}
}


@article{Mobius&Sproat,
 author = {M{\"o}bius, Bernd and Sproat, Richard and {van Santen}, Jan P. H. and Olive, Joseph P.},
 title = {The Bell Labs German Text-To-Speech system: An overview}
}


@book{Muller2006,
 author = {M{\"u}ller, Dorothee},
 year = {2006},
 title = {Der Wortakzent: Die lexikalische Betonung des Deutschen},
 institution = {{Universit{\"a}t Siegen}}
}


@phdthesis{NikunjChandrakantOza,
 author = {{Nikunj Chandrakant Oza}},
 title = {Online Ensemble Learning},
 address = {Berkeley},
 school = {{University of California}}
}


@article{Plag&Kunter2006,
 author = {Plag, Ingo and Kunter, Gero and Lappe, Sabine and Braun, Maria},
 year = {2006},
 title = {Testing hypotheses about compound stress assignment in English: a corpus-based investigation}
}


@article{Prince1990,
 author = {Prince, Alan},
 year = {1990},
 title = {Quantitative consequences of rhythmic organization}
}


@article{Quinlan,
 author = {Quinlan, J. R.},
 title = {Bagging, Boosting and C4.5}
}


@article{Quinlan1986,
 author = {Quinlan, J. R.},
 year = {1986},
 title = {Induction of decision trees},
 pages = {81--106},
 volume = {1},
 number = {1},
 issn = {0885-6125},
 journal = {Machine Learning},
 doi = {10.1007/BF00116251}
}


@article{Quinlan1986b,
 author = {Quinlan, J. R.},
 year = {1986},
 title = {Simplifyig Decision Trees}
}


@book{Quinlan2003,
 author = {Quinlan, John Ross},
 year = {2003},
 title = {C4.5: programs for machine learning},
 url = {http://www.loc.gov/catdir/description/els032/92032653.html},
 keywords = {Algorithms;Algorithmus;C4.5;Computer programming;Machine learning;Maschinelles Lernen;Programmierung},
 address = {San Mateo, Calif.},
 edition = {5. [pr.]},
 publisher = {Kaufmann},
 isbn = {1558602380},
 series = {The Morgan Kaufmann series in machine learning}
}


@article{Rapp,
 author = {Rapp, Stefan},
 title = {Automatic Labelling of German Prosody},
 keywords = {[Rasterized Manuscript]}
}


@article{Rapp&Jessen&Dogil,
 author = {Rapp, Stefan and Jessen, Michael and Dogil, Grzegorz},
 title = {Using Rough Sets Theory to predict German Word Stress}
}


@article{Rapp1995,
 author = {Rapp, Stefan},
 year = {1995},
 title = {Maschinelles Lernen von Aspekten des deutschen Wortakzents},
 volume = {4/1995},
 journal = {Arbeitspapiere des Instituts f{\"u}r Maschinelle Sprachverarbeitung (AIMS) Vol. 2 No. 2}
}


@article{Rappb,
 author = {Rapp, Stefan},
 title = {Automatic phonemic transcription and linguistic annotation from known text with Hidden Markov Models: An Aligner for German},
 keywords = {g2p}
}


@article{Read&Cox,
 author = {Read, Ian and Cox, Stephen},
 title = {Automatic Pitch Accent Prediction for Text-To-Speech Synthesis},
 pages = {482--485},
 journal = {INTERSPEECH 2007, 8th Annual Conference of the International Speech}
}


@article{Reinhardt,
 author = {Reinhardt, Corinna},
 title = {Sonorit{\"a}tshierarchie}
}


@article{Reybolds&Tyers,
 author = {Reybolds, Robert and Tyers, Francis},
 title = {Automatic word stress annotation of Russian unrestricted text: Seite 173}
}


@article{Rues&Redecker,
 author = {Rues, Beate and Redecker, Beate and Koch, Evelyn and Wallraff, Uta and Simpson, Adrian P.},
 title = {Phonetische Transkription des Deutschen: Ein Arbeitsbuch}
}


@article{Russel&DeMarco&VeauxChristopheNajafianMaryam,
 author = {Russel, Martin and DeMarco, Andrea and Veaux,Christophe,Najafian,Maryam},
 title = {What's Happening In Accents {\&} Dialects: A Review Of The State Of The Art (post-Interspeech 2013)}
}


@article{Samlowski&Mobius&Wagner2014,
 author = {Samlowski, Barbara and M{\"o}bius, Bernd and Wagner, Petra},
 year = {2014},
 title = {Phonetic detail in German syllable pronunciation: influences of prosody and grammar},
 pages = {500},
 volume = {5},
 issn = {1664-1078},
 journal = {Frontiers in psychology},
 doi = {10.3389/fpsyg.2014.00500}
}


@article{Schmid&Mobius&Weidenkaff,
 author = {Schmid, Helmut and Mobius, Bernd and Weidenkaff, Julia},
 title = {Tagging Syllable Boundaries with Joint N-Gram Models}
}


@article{Schroder&Trouvain,
 author = {Schr{\"o}der, Marc and Trouvain, J{\"u}rgen},
 title = {The German Text-to-Speech Synthesis System MARY: A Tool for Research, Development and Teaching}
}


@article{Schweitzer&Mobius2009,
 author = {Schweitzer, Antje and M{\"o}bius, Bernd},
 year = {2009},
 title = {Experiments on Automatic Prosodic Labeling}
}


@article{Sewell,
 author = {Sewell, Martin},
 title = {Ensemble Learning},
 keywords = {ensemble;ensembles;learning}
}


@proceedings{ShulyWintnerUniversityofHaifaIsrael&StefanRiezlerHeidelbergUniversityGermany&SharonGoldwaterUniversityofEdinburghUK,
 title = {Proceedings of the 14th Conference of the European Chapter of the Association for Computational Linguistics, volume 2: Short Papers},
 editor = {{Shuly Wintner, University of Haifa,Israel} and {Stefan Riezler, Heidelberg University,Germany} and {Sharon Goldwater, University of Edinburgh,UK}}
}


@article{Smit&Virpioja,
 author = {Smit, Peter and Virpioja, Sami and Gronroos, Stig-Arne and Kurimo, Mikko},
 title = {Morfessor 2.0: Toolkit for statistical morphological segmentation}
}


@article{Sokolova&Lapalme2009,
 author = {Sokolova, Marina and Lapalme, Guy},
 year = {2009},
 title = {A systematic analysis of performance measures for classification tasks},
 keywords = {Machine learning;Performance evaluation;Text classification},
 pages = {427--437},
 volume = {45},
 number = {4},
 issn = {03064573},
 journal = {Information Processing {\&} Management},
 doi = {10.1016/j.ipm.2009.03.002}
}


@article{Steinmann,
 author = {Steinmann, Cornelia},
 title = {Silbenregeln}
}


@phdthesis{Streefkerk2002,
 author = {Streefkerk, B. M.},
 year = {2002},
 title = {Neural Net Classification of Prominence with Acoustic Input Feautres}
}


@proceedings{Su2009,
 year = {2009},
 title = {Joint Conference of the 47th Annual Meeting of the ACL and the 4th International Joint Conference},
 editor = {Su, Keh-Yih}
}


@article{Tamburini&Wagner,
 author = {Tamburini, Fabio and Wagner, Petra},
 title = {On Automatic Prominence Detection for German}
}


@inproceedings{Tepperman&Narayanan,
 author = {Tepperman, J. and Narayanan, S.},
 title = {Automatic Syllable Stress Detection Using Prosodic Features for Pronunciation Evaluation of Language Learners},
 pages = {937--940},
 booktitle = {(ICASSP '05). IEEE International Conference on Acoustics, Speech, and Signal Processing, 2005},
 year = {March 18-23, 2005},
 doi = {10.1109/ICASSP.2005.1415269}
}


@article{UweReichelInstitutfurPhonetikundSprachverarbeitungLudwigMaximiliansUniversitatMunchenreichel,
 author = {{Uwe ReichelInstitut f{\"u}r Phonetik und SprachverarbeitungLudwig-Maximilians-Universit{\"a}t M{\"u}nchenreichelu@phonetik.uni-muenchen.de}},
 title = {Sprachsynthese: Graphem-Phonem-Konvertierung}
}


@article{Vajjala&Meurers&Hancke,
 author = {Vajjala, Sowmya and Meurers, Detmar and Hancke, Julia},
 title = {Automatic Readability Assessment: Features, models and their applicability}
}


@book{vanderHulst&TypologyofLanguagesinEurope1999,
 year = {1999},
 title = {Word Prosodic Systems in the Languages of Europe},
 url = {https://books.google.de/books?id=gDiqDQqO2hwC},
 publisher = {{Mouton de Gruyter}},
 isbn = {9783110157505},
 editor = {{van der Hulst}, H.}
}


@article{vanSanten&Mobius,
 author = {{van Santen}, Jan P. H. and M{\"o}bius, Bernd and Venditti, Jennifer J. and Shih, Chilin},
 title = {Description of the Bell Labs Intonation System}
}


@article{Vennemann,
 author = {Vennemann, Theo},
 title = {Skizze der deutschen Wortprosodie}
}


@article{Wagner2001,
 author = {Wagner, Petra},
 year = {2001},
 title = {Systematische {\"U}berpr{\"u}fung deutscher Wortbetonungsregeln},
 url = {http://pub.uni-bielefeld.de/download/1917202/2352693},
 pages = {329--338},
 volume = {22},
 journal = {Tagungsband Elektronische Sprachsignalverarbeitung ESSV 2001}
}


@phdthesis{Wei,
 author = {Wei{\ss}, Manuel},
 title = {Wort- und Satzakzentuierung gemischtsprachiger Texte f{\"u}r die Sprachsynthese},
 keywords = {Akzentuierung;Prosodie;Satzakzent;Wortakzent}
}


@phdthesis{Weiss2007,
 author = {Weiss, Christian},
 year = {2007},
 title = {Adaptive audio-visuelle Synthese: Automatische Trainingsverfahren f{\"u}r Unit-Selection-basierte audio-visuelle Sprachsynthese}
}


@article{Wiese1991,
 author = {Wiese, Richard},
 year = {1991},
 title = {Was ist extrasilbisch im Deutschen und warum?},
 volume = {10},
 number = {1},
 issn = {0721-9067},
 journal = {Zeitschrift f{\"u}r Sprachwissenschaft},
 doi = {10.1515/zfsw.1991.10.1.112}
}


@misc{Wikipedia,
 author = {Wikipedia},
 title = {Beurteilung eines Klassifikators}
}


@article{Windmann&Wagner,
 author = {Windmann, Andreas and Wagner, Petra and Tamburini, Fabio and Arnold, Denis and Oertel, Catharine},
 title = {Automatic Prominence Annotation of a German Speech Synthesis Corpus: Towards Prominence-Based Prosody Generation for Unit Selection Synthesis}
}


@proceedings{Wintner&Riezler&Goldwater2014,
 year = {2014},
 title = {Proceedings of the 14th Conference of the European Chapter of the Association for Computational Linguistics, volume 2: Short Papers},
 editor = {Wintner, Shuly and Riezler, Stefan and Goldwater, Sharon}
}


@inproceedings{Zhang&Ni,
 author = {Zhang, Aiying and Ni, Chongjia},
 title = {Pitch Accent Prediction Using Ensemble Machine Learning},
 pages = {444--447},
 booktitle = {2009 Second International Conference on Intelligent Computation Technology and Automation},
 doi = {10.1109/ICICTA.2009.114}
}


